@book{hoffman,
	author="Hoffman K. and Kunze R.",
	title="Linear algebra",
	year="1971",
	publisher="Prentice Hall"
}
%Tesis
@thesis{DoradoT,
	author="Ivon Dorado",
	title="Representaciones y corepresentaciones de posets $3$-equipados",
	year="2011",
	publisher="Universidad Nacional de Colombia"
}
%Art√≠culos


@article{NazarovaRepr,
	title={Representations of partially ordered sets.},
	author={Nazarova L.A. and Roiter A.V.},
	year={1975},
	eprint={1810.02018},
	archivePrefix={arXiv},
	primaryClass={math.RT}
}

@article{BauDora2018,
	title={Representations and corepresentations of $p$-equipped posets},
	author={Raymundo, Bautista and Ivon, Dorado},
	year={2018},
	eprint={1810.02018},
	archivePrefix={arXiv},
	primaryClass={math.RT}
}